
@article{yolov1,
	author    = {Joseph Redmon and
	Santosh Kumar Divvala and
	Ross B. Girshick and
	Ali Farhadi},
	title     = {You Only Look Once: Unified, Real-Time Object Detection},
	journal   = {CoRR},
	volume    = {abs/1506.02640},
	year      = {2015},
	url       = {http://arxiv.org/abs/1506.02640},
	eprinttype = {arXiv},
	eprint    = {1506.02640},
	timestamp = {Mon, 13 Aug 2018 16:48:08 +0200},
	biburl    = {https://dblp.org/rec/journals/corr/RedmonDGF15.bib},
	bibsource = {dblp computer science bibliography, https://dblp.org}
}


@article{yolov2,
	author    = {Joseph Redmon and
	Ali Farhadi},
	title     = {{YOLO9000:} Better, Faster, Stronger},
	journal   = {CoRR},
	volume    = {abs/1612.08242},
	year      = {2016},
	url       = {http://arxiv.org/abs/1612.08242},
	eprinttype = {arXiv},
	eprint    = {1612.08242},
	timestamp = {Mon, 13 Aug 2018 16:48:25 +0200},
	biburl    = {https://dblp.org/rec/journals/corr/RedmonF16.bib},
	bibsource = {dblp computer science bibliography, https://dblp.org}
}


@article{yolov3,
	author    = {Joseph Redmon and
	Ali Farhadi},
	title     = {YOLOv3: An Incremental Improvement},
	journal   = {CoRR},
	volume    = {abs/1804.02767},
	year      = {2018},
	url       = {http://arxiv.org/abs/1804.02767},
	eprinttype = {arXiv},
	eprint    = {1804.02767},
	timestamp = {Mon, 13 Aug 2018 16:48:24 +0200},
	biburl    = {https://dblp.org/rec/journals/corr/abs-1804-02767.bib},
	bibsource = {dblp computer science bibliography, https://dblp.org}
}

@article{yolov4,
	author    = {Alexey Bochkovskiy and
	Chien{-}Yao Wang and
	Hong{-}Yuan Mark Liao},
	title     = {YOLOv4: Optimal Speed and Accuracy of Object Detection},
	journal   = {CoRR},
	volume    = {abs/2004.10934},
	year      = {2020},
	url       = {https://arxiv.org/abs/2004.10934},
	eprinttype = {arXiv},
	eprint    = {2004.10934},
	timestamp = {Tue, 28 Apr 2020 16:10:02 +0200},
	biburl    = {https://dblp.org/rec/journals/corr/abs-2004-10934.bib},
	bibsource = {dblp computer science bibliography, https://dblp.org}
}

@misc{yolov5,
	title = {YOLOv5 Github repository},
	howpublished = {\url{https://github.com/ultralytics/yolov5}},
	note = {Accessed: 2022-06-22}
}

@article{RCNN,
	author    = {Ross B. Girshick and
	Jeff Donahue and
	Trevor Darrell and
	Jitendra Malik},
	title     = {Rich feature hierarchies for accurate object detection and semantic
	segmentation},
	journal   = {CoRR},
	volume    = {abs/1311.2524},
	year      = {2013},
	url       = {http://arxiv.org/abs/1311.2524},
	eprinttype = {arXiv},
	eprint    = {1311.2524},
	timestamp = {Mon, 13 Aug 2018 16:48:09 +0200},
	biburl    = {https://dblp.org/rec/journals/corr/GirshickDDM13.bib},
	bibsource = {dblp computer science bibliography, https://dblp.org}
}

